% 保存为 TempExample.bib
@article{Zavoisky1945,
    author = {Zavoisky, E.},
    title = {The Paramagnetic Absorption of a Solution In Parallel Fields},
    journal = {Journal of Physics},
    volume = {8},
    number = {6},
    pages = {377-380},
    year = {1945},
}

@article{FMR_Spintronics,
    author = {Y. Wang},
    title = {FMR-related phenomena in spintronic devices},
    journal = {Journal of Physics D: Applied Physics},
    volume = {51},
    number = {273002},
    pages = {1-28},
    year = {2018},
}

@article{ESR_Chem_Review,
    author = {M. C. R. Symons},
    journal = {Annual Review of Physical Chemistry},
    volume = {20},
    pages = {219-246},
    year = {1969},
}